@misc{hollywood-src,
  key = {Hollywood},
  title = {{TCP Hollywood source code}},
  howpublished = {\url{https://github.com/lumisota/tcp-hollywood-linux}},
  note = {rev. \texttt{1742566}},
  month = {Jan},
  year = {2017}
}

@misc{taps,
  key = {TAPS},
  title = {Transport Services (TAPS) Working Group},
  howpublished = {\url{https://datatracker.ietf.org/wg/taps/}},
  organization = {IETF},
}

@inproceedings{McQuistinANRW:2016,
  title={Implementing real-time transport services over an ossified network},
  author={McQuistin, Stephen and Perkins, Colin and Fayed, Marwan},
  booktitle={Proceedings of the ACM/IRTF/ISOC Applied Networking Research Workshop (ANRW). ACM},
  pages={81--87},
  year={2016}
}


@inproceedings{mcquistin:2016:tcp-hollywood,
	Address = {Vienna, Austria},
	Author = {McQuistin, S. and Perkins, C. S. and Fayed, M.},
	Booktitle = {Proceedings of the Networking Conference},
	Doi = {10.1109/IFIPNetworking.2016.7497221},
	Month = {May},
	Organization = {{IFIP}},
	Pages = {422--430},
	Title = {{TCP} {Hollywood}: An Unordered, Time-Lined, {TCP} for Networked Multimedia Applications},
	Year = {2016}}

@inproceedings{bouzakaria:2014:overhead,
  author    = {Nassima Bouzakaria and
               Cyril Concolato and
               Jean Le Feuvre},
  title     = {Overhead and performance of low latency live streaming using {MPEG-DASH}},
  booktitle = {Proc. 5th Intl. Conf. Information, Intelligence, Systems and Applications},
  year      = {2014},
  address   = {Crete, Greece},
  organization={IEEE}
}

@misc{IS15,
  author = {J. Iyengar and I. Swett},
  title = {{QUIC}: A {UDP}-Based Secure and Reliable Transport for {HTTP/2}},
  howpublished="Work in progress",
  organization="{IETF}",
  year=2015,
  month=Jun,
}

@inproceedings{vamanan:2012:d2tcp,
 title = {{Deadline-Aware Datacenter TCP (D2TCP)}},
 author  = {Balajee Vamanan and Jahangir Hasan and T. N. Vijaykumar},
 year  = 2012,
 booktitle = {Proc. ACM SIGCOMM},
 location = {Helsinki, Finland},
}

@ARTICLE{Ohm05,
 author={Ohm, J.-R.},
 journal={Proc. IEEE},
 title={{Advances in Scalable Video Coding}},
 year={2005},
 volume={93},
 number={1},
 pages={42-56},
 month={Jan},
 }

@inproceedings{CB97COBS,
 author = {Cheshire, S. and Baker, M.},
 title = {{Consistent Overhead Byte Stuffing}},
 booktitle = {Proc. ACM SIGCOMM},
 year = {1997},
 location = {Cannes, France},
}

@inproceedings{honda:2011:extend-tcp,
  Address = {Berlin, Germany},
  Author = {Honda, M. and others},
  Booktitle = {Proc.\ {ACM} {IMC}},
  Month = {Nov.},
  Title = {Is it still possible to extend {TCP}?},
  Year = {2011}}

@inproceedings{nowlan:2012:minion,
  Address = {San Jose, {CA}},
  Author = {Nowlan, M. F. and Tiwari, N. and Iyengar, J. and Amin, S. O. and Ford, B.},
  Booktitle = {Proc.\ {USENIX} {NSDI}},
  Month = {Apr.},
  Title = {{Fitting Square Pegs Through Round Pipes: Unordered Delivery Wire-Compatible with {TCP} and {TLS}}},
  Year = {2012}}

@inproceedings{mukherjee:2000:timelines,
  author={Mukherjee, B. and Brecht, T.},
  booktitle={Proc.\ {IEEE} {ICNP}},
  title={{Time-lined TCP for the TCP-friendly delivery of streaming media}},
  year={2000},
}


@inproceedings{grinnemo:2001:prtp,
  author       = "Grinnemo, K.-J. and Brunstrom, A.",
  title        = "Evaluation of the {QoS} Offered by {PRTP-ECN} - A {TCP}-Compliant Partially Reliable Transport Protocol",
  booktitle    = "Proc.\ {IWQoS}",
  address      = "Karlsruhe, Germany",
  year         = "2001",
  month        = jul,
}


@inproceedings{dempsey:1992:adaptive,
  title={{Adaptive Error Control for Multimedia Data Transfer}},
  author={Dempsey, Bert and Strayer, T and Weaver, A},
  booktitle={Proc.\ IWACA},
  volume={92},
  year={1992}
}

@misc{cisco:2014:vni,
  title         = {{Visual Networking Index: Forecast and Methodology, 2013â€“2018}},
  howpublished  = "White Paper",
  organization  = "Cisco",
  month         = jun,
  year          = "2014"
}

@misc{itu:2003:delay,
  author        = "{ITU-T}",
  title         = {{One-way transmission time}},
  howpublished  = "Rec.\ {G.114}",
  month         = may,
  year          = "2003"
}

@misc{itu:2001:qos,
  author        = "{ITU-T}",
  title         = {{End-user multimedia QoS categories}},
  howpublished  = "Rec.\ {G.1010}",
  month         = nov,
  year          = "2001"
}

@misc{rfc:4960,
  author="R. Stewart",
  title="{{SCTP}}",
  number="4960",
  howpublished="RFC 4960",
  organization="{IETF}",
  year=2007,
  month=sep,
}

@inproceedings{raiciu:2012:hard,
  title={{How Hard Can It Be? Designing and Implementing a Deployable Multipath TCP}},
  author={Raiciu, Costin and others},
  booktitle={Proc. {USENIX} {NSDI}},
  volume={12},
  year={2012}
}

@article{handley:2006:justworks,
 author = {Handley, M.},
 title = {{Why the Internet Only Just Works}},
 journal = {BT Technology Journal},
 issue_date = {July      2006},
 volume = {24},
 number = {3},
 month = jul,
 year = {2006},
 issn = {1358-3948},
 numpages = {11},
 doi = {10.1007/s10550-006-0084-z},
 acmid = {1188101},
 publisher = {Kluwer Academic Publishers},
 address = {Hingham, {MA}},
}

@misc{bova:1999:rudp,
  author = {T. Bova and T. Krivoruchka},
  title = {{Reliable UDP Protocol}},
  series="Internet Draft",
  howpublished="Internet Draft",
  publisher="IETF",
  organization="{IETF}",
  year=1999,
  month=feb,
}


@misc{rfc:4340,
  author="E. Kohler and M. Handley and S. Floyd",
  title="{Datagram Congestion Control Protocol (DCCP)}",
  series="Request for Comments",
  number="4340",
  howpublished="{RFC} 4340",
  publisher="IETF",
  organization="{IETF}",
  year=2006,
  month=mar,
}

@inproceedings{hatonen:2010:gateway,
 author = {H\"{a}t\"{o}nen, S. and others},
 title = {{An Experimental Study of Home Gateway Characteristics}},
 booktitle = {Proc.\ {Internet} Measurement Conference},
 year = {2010},
 isbn = {978-1-4503-0483-2},
 location = {Melbourne, Australia},
 publisher = {ACM},
}

@inproceedings{chesire:1997:COBS,
 author = {Cheshire, Stuart and Baker, Mary},
 title = {{Consistent Overhead Byte Stuffing}},
 booktitle = {Proc.\ {ACM} {SIGCOMM}},
 year = {1997},
 isbn = {0-89791-905-X},
 location = {Cannes, France},
 numpages = {12},
 doi = {10.1145/263105.263168},
 acmid = {263168},
}

@inproceedings{clark:1990:architecture,
 author = {Clark, D. D. and Tennenhouse, D. L.},
 title = {{Architectural Considerations for a New Generation of Protocols}},
 booktitle = {Proc.\ {ACM} {SIGCOMM}},
 year = {1990},
 location = {Philadelphia, {PA}},
 numpages = {9},
 doi = {10.1145/99508.99553},
 acmid = {99553},
}

@misc{rfc:3550,
  author = {H. Schulzrinne and S. Casner and R. Frederick and V. Jacobson},
  howpublished = {{RFC} 3550},
  month = jul,
  number = {3550},
  publisher = {IETF},
  title = {{RTP: A Transport Protocol for Real-Time Applications}},
  year = 2003,
}

@inproceedings{pries:2012:http,
author={Pries, R. and Magyari, Z. and Tran-Gia, P.},
booktitle={8th EURO-NGI Conference on Next Generation Internet (NGI)},
title={{An HTTP web traffic model based on the top one million visited web pages}},
year={2012},
month={June},
doi={10.1109/NGI.2012.6252145}}


@misc{RFC2736,
  Author = {Handley, M. and Perkins, C. S.},
  Howpublished = {{IETF}},
  Month = {December},
  Note = {{RFC} 2736},
  Title = {{Guidelines for Writers of {RTP} Payload Format Specifications}},
  Year = {1999}}

@article{jennings:2013:webrtc,
  Author = {Jennings, C. and Hardie, T. and Westerlund, M.},
  Journal = {{IEEE} Communications},
  Month = {Apr.},
  Number = {4},
  Title = {{Real-Time Communications for the Web}},
  Volume = {51},
  Year = {2013}}

@misc{draft-ietf-rtcweb-rtp-usage,
  author       = "Perkins, C. S. and Westerlund, M. and Ott, J.",
  title        = "{WebRTC}: Media Transport and Use of {RTP}",
  year         = "2014",
  month        = "Nov.",
  howpublished = "{IETF}",
  note         = "Work in Progress"
}


@inproceedings{jin:2004:fast-tcp,
  Author = {Jin, C. and Wei, D. and Low, S.},
  Booktitle = {Proc.\ {IEEE} {Infocom}},
  Month = mar,
  Title = {{{FAST} {TCP}: Motivation, Architecture, Algorithms, Performance}},
  Year = {2004}}

@misc{RFC3758,
  author       = "Stewart, R. and Ramalho, M. and Xie, Q. and Tuexen, M. and Conrad, P.",
  title        = "{SCTP} Partial Reliability Extension",
  year         = "2004",
  month        = "May",
  howpublished = "{IETF}",
  note         = "{RFC} 3758"
}

@inproceedings{mcquistin:2015:reinterpreting,
  Address = {{Z\"urich}, Switzerland},
  Author = {McQuistin, S. and Perkins, C. S.},
  Booktitle = {Proc. IAB Workshop on Stack Evolution in a Middlebox Internet},
  Month = {Jan.},
  Title = {{Reinterpreting the Transport Protocol Stack to Embrace Ossification}},
  Year = {2015}}

@article{floyd:1999:congestion,
 author = {Floyd, Sally and Fall, Kevin},
 title = {{Promoting the Use of End-to-end Congestion Control in the Internet}},
 journal = {IEEE/ACM Trans. Netw.},
 issue_date = {Aug. 1999},
 volume = {7},
 number = {4},
 month = aug,
 year = {1999},
 issn = {1063-6692},
 pages = {458--472},
 numpages = {15},
 url = {http://dx.doi.org/10.1109/90.793002},
 doi = {10.1109/90.793002},
 acmid = {316740},
 publisher = {IEEE Press},
 address = {Piscataway, NJ, USA},
}

@misc{RFC6347,
  author       = "Rescorla, E. and Modadugu, N.",
  title        = "Datagram Transport Layer Security Version 1.2",
  year         = "2012",
  month        = "Jan",
  howpublished = "{IETF}",
  note         = "{RFC} 6347"
}

@misc{haagsma:2015:quantum,
   author =       {Haagsma, Lennart},
   title =        {{Deep dive into QUANTUM INSERT}},
   editor =       {FOX-IT Blog},
   month =        {April},
   year =         {2015},
   url =          {http://blog.fox-it.com/2015/04/20/deep-dive-into-quantum-insert/},
 }

@inproceedings{padhye:1998:tcp-throughput,
  Address = {Vancouver, {BC}, Canada},
  Author = {Padhye, J. and Firoiu, V. and Towsley, D. and Kurose, J.},
  Booktitle = {Proc. {SIGCOMM} Conference},
  Month = {August},
  Organization = {{ACM}},
  Title = {{Modeling {TCP} Throughput: A Simple Model and its Empirical Validation}},
  Year = {1998}}

@unpublished{liang:2002:tcp-rtm,
  Author = {Liang, S. and Cheriton, D.},
  Month = {May},
  Note = {Submission to {IEEE} International Conference on Network Protocols ({ICNP})},
  Title = {{{TCP}-{RTM}: Using {RTP} for Real Time Multimedia Applications}},
  Year = {2002}}

@article{wang:2008:multimedia,
  Author = {Wang, B. and Kurose, J. and Shenoy, P. and Towsley, D.},
  Journal = {{ACM} Transactions on Multimedia Computing, Communications and Applications},
  Month = {May},
  Number = {2},
  Title = {{Multimedia Streaming via {TCP}: An Analytic Performance Study}},
  Volume = {4},
  Year = {2008}}

@inproceedings{brosh:2008:delay,
  Address = {Annapolis, {MD}, {USA}},
  Author = {Brosh, E. and Baset, S. A. and Rubenstein, D. and Schulzrinne, H.},
  Booktitle = {Proc. {SIGMETRICS}},
  Month = {June},
  Organization = {{ACM}},
  Title = {{The Delay-Friendliness of {TCP}}},
  Year = {2008}}

@article{krishnan:2013:video,
  title={Video stream quality impacts viewer behavior: inferring causality using quasi-experimental designs},
  author={Krishnan, S Shunmuga and Sitaraman, Ramesh K},
  journal={{IEEE}/{ACM} Trans.\ Networking},
  volume={21},
  number={6},
  pages={2001--2014},
  year={2013},
  publisher={IEEE}
}

@inproceedings{balachandran2013developing,
  title={Developing a predictive model of quality of experience for internet video},
  author={Balachandran, Athula and Sekar, Vyas and Akella, Aditya and Seshan, Srinivasan and Stoica, Ion and Zhang, Hui},
  booktitle={Computer Communication Review},
  volume={43},
  number={4},
  year={2013},
  organization={ACM}
}

@inproceedings{stockhammer:2011:dash,
	Author = {Stockhammer, T.},
	Booktitle = {Proc. {MMSys}},
	Month = {February},
	Organization = {{ACM}},
	Title = {Dynamic Adaptive Streaming Over {HTTP} -- Standards and Design Principles},
	Year = {2011}}


@misc{RFC3261,
	Author = {Rosenberg, J. and Schulzrinne, H. and Camarillo, G. and Johnston, A. and Peterson, J. and Sparks, R. and Handley, M. and Schooler, E.},
	Howpublished = {{IETF}},
	Month = {June},
	Note = {{RFC} 3261},
	Title = {{SIP}: Session Initiation Protocol},
	Year = {2002}}


@inproceedings{cha:2008:watching-tv,
	Author = {Cha, M. and Rodriguez, P. and Crowcroft, J. and Moon, S. B. and Amatriain, X.},
	Booktitle = {Proc. {Internet} Measurement Conference},
	Month = {October},
	Organization = {{ACM}},
	Title = {Watching Television Over an {IP} Network},
	Year = {2008}}


@misc{cisco:2013:vni-forecast,
	Author = {Cisco},
	Howpublished = {White Paper},
	Month = {May},
	Title = {{Visual Networking Index: Forecast and Methodology, 2012-2017}},
	Year = {2013}}


@article{nichols:2012:codel,
	Author = {Nichols, K. and Jacobson, V.},
	Journal = {{ACM} Queue},
	Month = {May},
	Number = {5},
	Title = {{Controlling Queue Delay}},
	Volume = {10},
	Year = {2012}}


@inproceedings{khademi:2014:new-aqm,
	Address = {Toronto, {ON}, Canada},
	Author = {Khademi, N. and Ros, R. and Welzl, M.},
	Booktitle = {Proc. Global {Internet} Symposium},
	Month = {April},
	Organization = {{IEEE}},
	Title = {{The New {AQM} Kids on the Block: An Experimental Evaluation of {CoDel} and {PIE}}},
	Year = {2014}}

@inproceedings{brakmo:1994:tcp-vegas,
	Address = {London, {UK}},
	Author = {Brakmo, L. S. and O'Malley, S. W. and Peterson, L. L.},
	Booktitle = {Proc. {SIGCOMM} Conference},
	Month = {August},
	Organization = {{ACM}},
	Title = {{{TCP} {Vegas}: New Techniques for Congestion Detection and Avoidance}},
	Year = {1994}}

@inproceedings{handigol:2012:reproducible,
	Address = {Nice, France},
	Author = {Handigol, N. and Heller, B. and Jeyakumar, V. and Lantz, B. and McKeown, N.},
	Booktitle = {Proc. {CoNEXT} Conference},
	Doi = {10.1145/2413176.2413206},
	Month = {December},
	Organization = {{ACM}},
	Title = {Reproducible Network Experiments Using Container-Based Emulation},
	Year = {2012}}

@article{munafo:2017:manifesto,
	Author = {{Munaf\`o}, M. R. and Nosek, B. A. and Bishop, D. V. M. and Button, K. S. and Chambers, C. D. and du Sert, N. P. and Simonsohn, U. and Wagenmakers, E.-J. and Ware, J. J. and Ioannidis, J. P. A.},
	Doi = {10.1038/s41562-016-0021},
	Journal = {Nature Human Behaviour},
	Month = {January},
	Title = {A manifesto for reproducible science},
	Volume = {1},
	Year = {2017}}

@misc{RFC5405,
  author       = "Eggert, L. and Fairhurst, G.",
  title        = "Unicast {UDP} Usage Guidelines for Application Designers",
  year         = "2008",
  month        = "November",
  howpublished = "Internet Engineering Task Force",
  note         = "RFC 5405",
}


@inproceedings{khademi:2014:new-aqm,
	Address = {Toronto, {ON}, Canada},
	Author = {Khademi, N. and Ros, R. and Welzl, M.},
	Booktitle = {Proceedings of the Global {Internet} Symposium},
	Month = {April},
	Organization = {{IEEE}},
	Title = {The New {AQM} Kids on the Block: An Experimental Evaluation of {CoDel} and {PIE}},
	Year = {2014}}
